%YAML 1.1
%TAG !u! tag:unity3d.com,2011:
--- !u!1001 &100100000
Prefab:
  m_ObjectHideFlags: 1
  serializedVersion: 2
  m_Modification:
    m_TransformParent: {fileID: 0}
    m_Modifications: []
    m_RemovedComponents: []
  m_SourcePrefab: {fileID: 0}
  m_RootGameObject: {fileID: 1142075195907576}
  m_IsPrefabAsset: 1
--- !u!1 &1015023068455302
GameObject:
  m_ObjectHideFlags: 0
  m_CorrespondingSourceObject: {fileID: 0}
  m_PrefabInternal: {fileID: 100100000}
  serializedVersion: 6
  m_Component:
  - component: {fileID: 4443386208328264}
  m_Layer: 10
  m_Name: Stomach
  m_TagString: Untagged
  m_Icon: {fileID: 0}
  m_NavMeshLayer: 0
  m_StaticEditorFlags: 0
  m_IsActive: 1
--- !u!1 &1039734473730840
GameObject:
  m_ObjectHideFlags: 1
  m_CorrespondingSourceObject: {fileID: 0}
  m_PrefabInternal: {fileID: 100100000}
  serializedVersion: 6
  m_Component:
  - component: {fileID: 4805153060950690}
  m_Layer: 10
  m_Name: R_Thumb
  m_TagString: Untagged
  m_Icon: {fileID: 0}
  m_NavMeshLayer: 0
  m_StaticEditorFlags: 0
  m_IsActive: 1
--- !u!1 &1042586045680522
GameObject:
  m_ObjectHideFlags: 1
  m_CorrespondingSourceObject: {fileID: 0}
  m_PrefabInternal: {fileID: 100100000}
  serializedVersion: 6
  m_Component:
  - component: {fileID: 4590671739821186}
  m_Layer: 10
  m_Name: Head
  m_TagString: Untagged
  m_Icon: {fileID: 0}
  m_NavMeshLayer: 0
  m_StaticEditorFlags: 0
  m_IsActive: 1
--- !u!1 &1053279697597166
GameObject:
  m_ObjectHideFlags: 1
  m_CorrespondingSourceObject: {fileID: 0}
  m_PrefabInternal: {fileID: 100100000}
  serializedVersion: 6
  m_Component:
  - component: {fileID: 4614660588528608}
  m_Layer: 10
  m_Name: L_End
  m_TagString: Untagged
  m_Icon: {fileID: 0}
  m_NavMeshLayer: 0
  m_StaticEditorFlags: 0
  m_IsActive: 1
--- !u!1 &1101411942200592
GameObject:
  m_ObjectHideFlags: 1
  m_CorrespondingSourceObject: {fileID: 0}
  m_PrefabInternal: {fileID: 100100000}
  serializedVersion: 6
  m_Component:
  - component: {fileID: 4983204841333588}
  m_Layer: 10
  m_Name: Top
  m_TagString: Untagged
  m_Icon: {fileID: 0}
  m_NavMeshLayer: 0
  m_StaticEditorFlags: 0
  m_IsActive: 1
--- !u!1 &1142075195907576
GameObject:
  m_ObjectHideFlags: 0
  m_CorrespondingSourceObject: {fileID: 0}
  m_PrefabInternal: {fileID: 100100000}
  serializedVersion: 6
  m_Component:
  - component: {fileID: 4731610582517726}
  - component: {fileID: 95115197073838490}
  - component: {fileID: 114907007154564550}
  - component: {fileID: 143872375223884566}
  - component: {fileID: 136640920693637692}
  m_Layer: 10
  m_Name: Alien
  m_TagString: Alien
  m_Icon: {fileID: 0}
  m_NavMeshLayer: 0
  m_StaticEditorFlags: 0
  m_IsActive: 1
--- !u!1 &1181687937907784
GameObject:
  m_ObjectHideFlags: 1
  m_CorrespondingSourceObject: {fileID: 0}
  m_PrefabInternal: {fileID: 100100000}
  serializedVersion: 6
  m_Component:
  - component: {fileID: 4537393456476904}
  m_Layer: 10
  m_Name: L_Toe
  m_TagString: Untagged
  m_Icon: {fileID: 0}
  m_NavMeshLayer: 0
  m_StaticEditorFlags: 0
  m_IsActive: 1
--- !u!1 &1195885283821642
GameObject:
  m_ObjectHideFlags: 1
  m_CorrespondingSourceObject: {fileID: 0}
  m_PrefabInternal: {fileID: 100100000}
  serializedVersion: 6
  m_Component:
  - component: {fileID: 4643380544631472}
  m_Layer: 10
  m_Name: R_End
  m_TagString: Untagged
  m_Icon: {fileID: 0}
  m_NavMeshLayer: 0
  m_StaticEditorFlags: 0
  m_IsActive: 1
--- !u!1 &1205534391927794
GameObject:
  m_ObjectHideFlags: 1
  m_CorrespondingSourceObject: {fileID: 0}
  m_PrefabInternal: {fileID: 100100000}
  serializedVersion: 6
  m_Component:
  - component: {fileID: 224904835712387362}
  - component: {fileID: 222315685678631394}
  - component: {fileID: 114176738476816718}
  m_Layer: 5
  m_Name: AlienWorldText
  m_TagString: Untagged
  m_Icon: {fileID: 0}
  m_NavMeshLayer: 0
  m_StaticEditorFlags: 0
  m_IsActive: 1
--- !u!1 &1237791945987750
GameObject:
  m_ObjectHideFlags: 1
  m_CorrespondingSourceObject: {fileID: 0}
  m_PrefabInternal: {fileID: 100100000}
  serializedVersion: 6
  m_Component:
  - component: {fileID: 4613446172335062}
  m_Layer: 10
  m_Name: R_Finger2
  m_TagString: Untagged
  m_Icon: {fileID: 0}
  m_NavMeshLayer: 0
  m_StaticEditorFlags: 0
  m_IsActive: 1
--- !u!1 &1248900721380388
GameObject:
  m_ObjectHideFlags: 1
  m_CorrespondingSourceObject: {fileID: 0}
  m_PrefabInternal: {fileID: 100100000}
  serializedVersion: 6
  m_Component:
  - component: {fileID: 4486111245549696}
  m_Layer: 10
  m_Name: L_LowerArm
  m_TagString: Untagged
  m_Icon: {fileID: 0}
  m_NavMeshLayer: 0
  m_StaticEditorFlags: 0
  m_IsActive: 1
--- !u!1 &1259322374710362
GameObject:
  m_ObjectHideFlags: 1
  m_CorrespondingSourceObject: {fileID: 0}
  m_PrefabInternal: {fileID: 100100000}
  serializedVersion: 6
  m_Component:
  - component: {fileID: 4631385296891464}
  m_Layer: 10
  m_Name: R_Finger
  m_TagString: Untagged
  m_Icon: {fileID: 0}
  m_NavMeshLayer: 0
  m_StaticEditorFlags: 0
  m_IsActive: 1
--- !u!1 &1267693084241214
GameObject:
  m_ObjectHideFlags: 1
  m_CorrespondingSourceObject: {fileID: 0}
  m_PrefabInternal: {fileID: 100100000}
  serializedVersion: 6
  m_Component:
  - component: {fileID: 4714088684119320}
  m_Layer: 10
  m_Name: L_Tip
  m_TagString: Untagged
  m_Icon: {fileID: 0}
  m_NavMeshLayer: 0
  m_StaticEditorFlags: 0
  m_IsActive: 1
--- !u!1 &1340019829364014
GameObject:
  m_ObjectHideFlags: 1
  m_CorrespondingSourceObject: {fileID: 0}
  m_PrefabInternal: {fileID: 100100000}
  serializedVersion: 6
  m_Component:
  - component: {fileID: 4169440864102134}
  m_Layer: 10
  m_Name: L_Upperleg
  m_TagString: Untagged
  m_Icon: {fileID: 0}
  m_NavMeshLayer: 0
  m_StaticEditorFlags: 0
  m_IsActive: 1
--- !u!1 &1365739084526674
GameObject:
  m_ObjectHideFlags: 1
  m_CorrespondingSourceObject: {fileID: 0}
  m_PrefabInternal: {fileID: 100100000}
  serializedVersion: 6
  m_Component:
  - component: {fileID: 4396927371088150}
  m_Layer: 10
  m_Name: Chest
  m_TagString: Untagged
  m_Icon: {fileID: 0}
  m_NavMeshLayer: 0
  m_StaticEditorFlags: 0
  m_IsActive: 1
--- !u!1 &1380010983323876
GameObject:
  m_ObjectHideFlags: 0
  m_CorrespondingSourceObject: {fileID: 0}
  m_PrefabInternal: {fileID: 100100000}
  serializedVersion: 6
  m_Component:
  - component: {fileID: 4442900847903274}
  - component: {fileID: 137538885227930490}
  m_Layer: 10
  m_Name: Grey
  m_TagString: Alien
  m_Icon: {fileID: 0}
  m_NavMeshLayer: 0
  m_StaticEditorFlags: 0
  m_IsActive: 1
--- !u!1 &1389267770556700
GameObject:
  m_ObjectHideFlags: 1
  m_CorrespondingSourceObject: {fileID: 0}
  m_PrefabInternal: {fileID: 100100000}
  serializedVersion: 6
  m_Component:
  - component: {fileID: 4491245516409668}
  m_Layer: 10
  m_Name: R_Hand
  m_TagString: Untagged
  m_Icon: {fileID: 0}
  m_NavMeshLayer: 0
  m_StaticEditorFlags: 0
  m_IsActive: 1
--- !u!1 &1390513138455916
GameObject:
  m_ObjectHideFlags: 1
  m_CorrespondingSourceObject: {fileID: 0}
  m_PrefabInternal: {fileID: 100100000}
  serializedVersion: 6
  m_Component:
  - component: {fileID: 4852861799840804}
  m_Layer: 10
  m_Name: L_HAnd
  m_TagString: Untagged
  m_Icon: {fileID: 0}
  m_NavMeshLayer: 0
  m_StaticEditorFlags: 0
  m_IsActive: 1
--- !u!1 &1391128165147726
GameObject:
  m_ObjectHideFlags: 1
  m_CorrespondingSourceObject: {fileID: 0}
  m_PrefabInternal: {fileID: 100100000}
  serializedVersion: 6
  m_Component:
  - component: {fileID: 4189888145852124}
  m_Layer: 10
  m_Name: Neck
  m_TagString: Untagged
  m_Icon: {fileID: 0}
  m_NavMeshLayer: 0
  m_StaticEditorFlags: 0
  m_IsActive: 1
--- !u!1 &1401446900597494
GameObject:
  m_ObjectHideFlags: 1
  m_CorrespondingSourceObject: {fileID: 0}
  m_PrefabInternal: {fileID: 100100000}
  serializedVersion: 6
  m_Component:
  - component: {fileID: 4418157399545940}
  m_Layer: 10
  m_Name: L_UpperArm
  m_TagString: Untagged
  m_Icon: {fileID: 0}
  m_NavMeshLayer: 0
  m_StaticEditorFlags: 0
  m_IsActive: 1
--- !u!1 &1405490617562438
GameObject:
  m_ObjectHideFlags: 0
  m_CorrespondingSourceObject: {fileID: 0}
  m_PrefabInternal: {fileID: 100100000}
  serializedVersion: 6
  m_Component:
  - component: {fileID: 224925710065909074}
  - component: {fileID: 223400362853849332}
  - component: {fileID: 114017836201355846}
  - component: {fileID: 114406635845188118}
  m_Layer: 5
  m_Name: AlienUI
  m_TagString: Untagged
  m_Icon: {fileID: 0}
  m_NavMeshLayer: 0
  m_StaticEditorFlags: 0
  m_IsActive: 1
--- !u!1 &1415968843359840
GameObject:
  m_ObjectHideFlags: 1
  m_CorrespondingSourceObject: {fileID: 0}
  m_PrefabInternal: {fileID: 100100000}
  serializedVersion: 6
  m_Component:
  - component: {fileID: 4012421710999280}
  m_Layer: 10
  m_Name: R_Toe
  m_TagString: Untagged
  m_Icon: {fileID: 0}
  m_NavMeshLayer: 0
  m_StaticEditorFlags: 0
  m_IsActive: 1
--- !u!1 &1455604791747300
GameObject:
  m_ObjectHideFlags: 1
  m_CorrespondingSourceObject: {fileID: 0}
  m_PrefabInternal: {fileID: 100100000}
  serializedVersion: 6
  m_Component:
  - component: {fileID: 4310478484045306}
  m_Layer: 10
  m_Name: L_Finger2
  m_TagString: Untagged
  m_Icon: {fileID: 0}
  m_NavMeshLayer: 0
  m_StaticEditorFlags: 0
  m_IsActive: 1
--- !u!1 &1545296247838528
GameObject:
  m_ObjectHideFlags: 1
  m_CorrespondingSourceObject: {fileID: 0}
  m_PrefabInternal: {fileID: 100100000}
  serializedVersion: 6
  m_Component:
  - component: {fileID: 4601222733913702}
  m_Layer: 10
  m_Name: L_Lowerleg
  m_TagString: Untagged
  m_Icon: {fileID: 0}
  m_NavMeshLayer: 0
  m_StaticEditorFlags: 0
  m_IsActive: 1
--- !u!1 &1545599814280940
GameObject:
  m_ObjectHideFlags: 1
  m_CorrespondingSourceObject: {fileID: 0}
  m_PrefabInternal: {fileID: 100100000}
  serializedVersion: 6
  m_Component:
  - component: {fileID: 4845786017176198}
  m_Layer: 10
  m_Name: R_Upperleg
  m_TagString: Untagged
  m_Icon: {fileID: 0}
  m_NavMeshLayer: 0
  m_StaticEditorFlags: 0
  m_IsActive: 1
--- !u!1 &1644682625136072
GameObject:
  m_ObjectHideFlags: 1
  m_CorrespondingSourceObject: {fileID: 0}
  m_PrefabInternal: {fileID: 100100000}
  serializedVersion: 6
  m_Component:
  - component: {fileID: 4163430763561888}
  m_Layer: 10
  m_Name: L_foot
  m_TagString: Untagged
  m_Icon: {fileID: 0}
  m_NavMeshLayer: 0
  m_StaticEditorFlags: 0
  m_IsActive: 1
--- !u!1 &1644747662747378
GameObject:
  m_ObjectHideFlags: 1
  m_CorrespondingSourceObject: {fileID: 0}
  m_PrefabInternal: {fileID: 100100000}
  serializedVersion: 6
  m_Component:
  - component: {fileID: 4264133192976802}
  m_Layer: 10
  m_Name: R_LowerArm
  m_TagString: Untagged
  m_Icon: {fileID: 0}
  m_NavMeshLayer: 0
  m_StaticEditorFlags: 0
  m_IsActive: 1
--- !u!1 &1699030679492378
GameObject:
  m_ObjectHideFlags: 1
  m_CorrespondingSourceObject: {fileID: 0}
  m_PrefabInternal: {fileID: 100100000}
  serializedVersion: 6
  m_Component:
  - component: {fileID: 4292644697909582}
  m_Layer: 10
  m_Name: R_Lowerleg
  m_TagString: Untagged
  m_Icon: {fileID: 0}
  m_NavMeshLayer: 0
  m_StaticEditorFlags: 0
  m_IsActive: 1
--- !u!1 &1763455919833330
GameObject:
  m_ObjectHideFlags: 1
  m_CorrespondingSourceObject: {fileID: 0}
  m_PrefabInternal: {fileID: 100100000}
  serializedVersion: 6
  m_Component:
  - component: {fileID: 4652240775931728}
  m_Layer: 10
  m_Name: L_Finger
  m_TagString: Untagged
  m_Icon: {fileID: 0}
  m_NavMeshLayer: 0
  m_StaticEditorFlags: 0
  m_IsActive: 1
--- !u!1 &1773565731638060
GameObject:
  m_ObjectHideFlags: 1
  m_CorrespondingSourceObject: {fileID: 0}
  m_PrefabInternal: {fileID: 100100000}
  serializedVersion: 6
  m_Component:
  - component: {fileID: 4422306187014168}
  m_Layer: 10
  m_Name: L_Thumb
  m_TagString: Untagged
  m_Icon: {fileID: 0}
  m_NavMeshLayer: 0
  m_StaticEditorFlags: 0
  m_IsActive: 1
--- !u!1 &1827177725435040
GameObject:
  m_ObjectHideFlags: 1
  m_CorrespondingSourceObject: {fileID: 0}
  m_PrefabInternal: {fileID: 100100000}
  serializedVersion: 6
  m_Component:
  - component: {fileID: 4300205244419094}
  m_Layer: 10
  m_Name: R_foot
  m_TagString: Untagged
  m_Icon: {fileID: 0}
  m_NavMeshLayer: 0
  m_StaticEditorFlags: 0
  m_IsActive: 1
--- !u!1 &1898255237343978
GameObject:
  m_ObjectHideFlags: 1
  m_CorrespondingSourceObject: {fileID: 0}
  m_PrefabInternal: {fileID: 100100000}
  serializedVersion: 6
  m_Component:
  - component: {fileID: 4205894482123812}
  m_Layer: 10
  m_Name: R_UpperArm
  m_TagString: Untagged
  m_Icon: {fileID: 0}
  m_NavMeshLayer: 0
  m_StaticEditorFlags: 0
  m_IsActive: 1
--- !u!1 &1981835392676282
GameObject:
  m_ObjectHideFlags: 1
  m_CorrespondingSourceObject: {fileID: 0}
  m_PrefabInternal: {fileID: 100100000}
  serializedVersion: 6
  m_Component:
  - component: {fileID: 4647777408956064}
  m_Layer: 10
  m_Name: R_Tip
  m_TagString: Untagged
  m_Icon: {fileID: 0}
  m_NavMeshLayer: 0
  m_StaticEditorFlags: 0
  m_IsActive: 1
--- !u!4 &4012421710999280
Transform:
  m_ObjectHideFlags: 1
  m_CorrespondingSourceObject: {fileID: 0}
  m_PrefabInternal: {fileID: 100100000}
  m_GameObject: {fileID: 1415968843359840}
  m_LocalRotation: {x: 0, y: 0, z: 0.21657605, w: 0.9762658}
  m_LocalPosition: {x: 8.378565, y: -0.0000072029407, z: -8.881784e-15}
  m_LocalScale: {x: 1, y: 1, z: 1}
  m_Children:
  - {fileID: 4643380544631472}
  m_Father: {fileID: 4300205244419094}
  m_RootOrder: 0
  m_LocalEulerAnglesHint: {x: 0, y: 0, z: 0}
--- !u!4 &4163430763561888
Transform:
  m_ObjectHideFlags: 1
  m_CorrespondingSourceObject: {fileID: 0}
  m_PrefabInternal: {fileID: 100100000}
  m_GameObject: {fileID: 1644682625136072}
  m_LocalRotation: {x: 0, y: 0, z: -0.7365799, w: 0.67635053}
  m_LocalPosition: {x: -35.135906, y: -0.000004776354, z: -2.1773}
  m_LocalScale: {x: 1, y: 1, z: 1}
  m_Children:
  - {fileID: 4537393456476904}
  m_Father: {fileID: 4601222733913702}
  m_RootOrder: 0
  m_LocalEulerAnglesHint: {x: 0, y: 0, z: 0}
--- !u!4 &4169440864102134
Transform:
  m_ObjectHideFlags: 1
  m_CorrespondingSourceObject: {fileID: 0}
  m_PrefabInternal: {fileID: 100100000}
  m_GameObject: {fileID: 1340019829364014}
  m_LocalRotation: {x: 0.24163298, y: 0.050310504, z: 0.06317294, w: 0.9670013}
  m_LocalPosition: {x: -3.1338422, y: 1.067525, z: -5.465176}
  m_LocalScale: {x: 1, y: 1, z: 1}
  m_Children:
  - {fileID: 4601222733913702}
  m_Father: {fileID: 4443386208328264}
  m_RootOrder: 1
  m_LocalEulerAnglesHint: {x: 0, y: 0, z: 0}
--- !u!4 &4189888145852124
Transform:
  m_ObjectHideFlags: 1
  m_CorrespondingSourceObject: {fileID: 0}
  m_PrefabInternal: {fileID: 100100000}
  m_GameObject: {fileID: 1391128165147726}
  m_LocalRotation: {x: -0.01146757, y: -0.02763206, z: 0.9993301, w: -0.021077648}
  m_LocalPosition: {x: 28.865696, y: 2.5254211, z: 2.3142912e-14}
  m_LocalScale: {x: 1, y: 1, z: 1}
  m_Children:
  - {fileID: 4590671739821186}
  - {fileID: 4418157399545940}
  - {fileID: 4205894482123812}
  m_Father: {fileID: 4396927371088150}
  m_RootOrder: 0
  m_LocalEulerAnglesHint: {x: 0, y: 0, z: 0}
--- !u!4 &4205894482123812
Transform:
  m_ObjectHideFlags: 1
  m_CorrespondingSourceObject: {fileID: 0}
  m_PrefabInternal: {fileID: 100100000}
  m_GameObject: {fileID: 1898255237343978}
  m_LocalRotation: {x: -0.4060778, y: -0.5110128, z: -0.461308, w: 0.6009673}
  m_LocalPosition: {x: 1.6326358, y: 1.8596349, z: 7.7623644}
  m_LocalScale: {x: 1, y: 1, z: 1}
  m_Children:
  - {fileID: 4264133192976802}
  m_Father: {fileID: 4189888145852124}
  m_RootOrder: 2
  m_LocalEulerAnglesHint: {x: 0, y: 0, z: 0}
--- !u!4 &4264133192976802
Transform:
  m_ObjectHideFlags: 1
  m_CorrespondingSourceObject: {fileID: 0}
  m_PrefabInternal: {fileID: 100100000}
  m_GameObject: {fileID: 1644747662747378}
  m_LocalRotation: {x: 0.07172819, y: 0.04272664, z: -0.025345588, w: 0.9961863}
  m_LocalPosition: {x: 30.105083, y: 0.14637946, z: 1.6778971}
  m_LocalScale: {x: 1, y: 1, z: 1}
  m_Children:
  - {fileID: 4491245516409668}
  m_Father: {fileID: 4205894482123812}
  m_RootOrder: 0
  m_LocalEulerAnglesHint: {x: 0, y: 0, z: 0}
--- !u!4 &4292644697909582
Transform:
  m_ObjectHideFlags: 1
  m_CorrespondingSourceObject: {fileID: 0}
  m_PrefabInternal: {fileID: 100100000}
  m_GameObject: {fileID: 1699030679492378}
  m_LocalRotation: {x: 0.14356352, y: -0.02668636, z: 0.11402173, w: 0.98268837}
  m_LocalPosition: {x: 35.009884, y: -0.000014775457, z: 5.98755}
  m_LocalScale: {x: 1, y: 1, z: 1}
  m_Children:
  - {fileID: 4300205244419094}
  m_Father: {fileID: 4845786017176198}
  m_RootOrder: 0
  m_LocalEulerAnglesHint: {x: 0, y: 0, z: 0}
--- !u!4 &4300205244419094
Transform:
  m_ObjectHideFlags: 1
  m_CorrespondingSourceObject: {fileID: 0}
  m_PrefabInternal: {fileID: 100100000}
  m_GameObject: {fileID: 1827177725435040}
  m_LocalRotation: {x: 0, y: 0, z: -0.7251341, w: 0.6886077}
  m_LocalPosition: {x: 35.135906, y: 0.0000047439103, z: 2.1773}
  m_LocalScale: {x: 1, y: 1, z: 1}
  m_Children:
  - {fileID: 4012421710999280}
  m_Father: {fileID: 4292644697909582}
  m_RootOrder: 0
  m_LocalEulerAnglesHint: {x: 0, y: 0, z: 0}
--- !u!4 &4310478484045306
Transform:
  m_ObjectHideFlags: 1
  m_CorrespondingSourceObject: {fileID: 0}
  m_PrefabInternal: {fileID: 100100000}
  m_GameObject: {fileID: 1455604791747300}
  m_LocalRotation: {x: -0.17296013, y: 0.015442455, z: 0.08757778, w: 0.98090595}
  m_LocalPosition: {x: -9.989819, y: 0.00007028707, z: -0.00002558239}
  m_LocalScale: {x: 1, y: 1, z: 1}
  m_Children: []
  m_Father: {fileID: 4652240775931728}
  m_RootOrder: 0
  m_LocalEulerAnglesHint: {x: 0, y: 0, z: 0}
--- !u!4 &4396927371088150
Transform:
  m_ObjectHideFlags: 1
  m_CorrespondingSourceObject: {fileID: 0}
  m_PrefabInternal: {fileID: 100100000}
  m_GameObject: {fileID: 1365739084526674}
  m_LocalRotation: {x: 0.06021312, y: 0.012291205, z: 0.028345415, w: 0.9977073}
  m_LocalPosition: {x: 16.8, y: 3, z: 0}
  m_LocalScale: {x: 1, y: 1, z: 1}
  m_Children:
  - {fileID: 4189888145852124}
  m_Father: {fileID: 4443386208328264}
  m_RootOrder: 0
  m_LocalEulerAnglesHint: {x: 0, y: 0, z: 0}
--- !u!4 &4418157399545940
Transform:
  m_ObjectHideFlags: 1
  m_CorrespondingSourceObject: {fileID: 0}
  m_PrefabInternal: {fileID: 100100000}
  m_GameObject: {fileID: 1401446900597494}
  m_LocalRotation: {x: 0.4009407, y: -0.6082624, z: 0.388788, w: 0.56401}
  m_LocalPosition: {x: 1.6326358, y: 1.8596349, z: -7.762366}
  m_LocalScale: {x: 1, y: 1, z: 1}
  m_Children:
  - {fileID: 4486111245549696}
  m_Father: {fileID: 4189888145852124}
  m_RootOrder: 1
  m_LocalEulerAnglesHint: {x: 0, y: 0, z: 0}
--- !u!4 &4422306187014168
Transform:
  m_ObjectHideFlags: 1
  m_CorrespondingSourceObject: {fileID: 0}
  m_PrefabInternal: {fileID: 100100000}
  m_GameObject: {fileID: 1773565731638060}
  m_LocalRotation: {x: -0.091399424, y: -0.3273467, z: 0.31297392, w: 0.8868696}
  m_LocalPosition: {x: -3.339724, y: -6.1668773, z: 3.6457152}
  m_LocalScale: {x: 1, y: 1, z: 1}
  m_Children:
  - {fileID: 4714088684119320}
  m_Father: {fileID: 4852861799840804}
  m_RootOrder: 1
  m_LocalEulerAnglesHint: {x: 0, y: 0, z: 0}
--- !u!4 &4442900847903274
Transform:
  m_ObjectHideFlags: 1
  m_CorrespondingSourceObject: {fileID: 0}
  m_PrefabInternal: {fileID: 100100000}
  m_GameObject: {fileID: 1380010983323876}
  m_LocalRotation: {x: 0, y: -0, z: -0, w: 1}
  m_LocalPosition: {x: -0, y: 0, z: 0}
  m_LocalScale: {x: 0.17022137, y: 0.17022137, z: 0.17022137}
  m_Children: []
  m_Father: {fileID: 4731610582517726}
  m_RootOrder: 0
  m_LocalEulerAnglesHint: {x: 0, y: 0, z: 0}
--- !u!4 &4443386208328264
Transform:
  m_ObjectHideFlags: 1
  m_CorrespondingSourceObject: {fileID: 0}
  m_PrefabInternal: {fileID: 100100000}
  m_GameObject: {fileID: 1015023068455302}
  m_LocalRotation: {x: 0.44290826, y: 0.51130897, z: 0.48102564, w: 0.55768263}
  m_LocalPosition: {x: -0, y: 0.7613678, z: 0}
  m_LocalScale: {x: 0.01, y: 0.01, z: 0.01}
  m_Children:
  - {fileID: 4396927371088150}
  - {fileID: 4169440864102134}
  - {fileID: 4845786017176198}
  m_Father: {fileID: 4731610582517726}
  m_RootOrder: 1
  m_LocalEulerAnglesHint: {x: 0, y: 0, z: 0}
--- !u!4 &4486111245549696
Transform:
  m_ObjectHideFlags: 1
  m_CorrespondingSourceObject: {fileID: 0}
  m_PrefabInternal: {fileID: 100100000}
  m_GameObject: {fileID: 1248900721380388}
  m_LocalRotation: {x: 0.07566913, y: 0.071184866, z: 0.014684686, w: 0.99448043}
  m_LocalPosition: {x: -30.105108, y: -0.14636305, z: -1.6778985}
  m_LocalScale: {x: 1, y: 1, z: 1}
  m_Children:
  - {fileID: 4852861799840804}
  m_Father: {fileID: 4418157399545940}
  m_RootOrder: 0
  m_LocalEulerAnglesHint: {x: 0, y: 0, z: 0}
--- !u!4 &4491245516409668
Transform:
  m_ObjectHideFlags: 1
  m_CorrespondingSourceObject: {fileID: 0}
  m_PrefabInternal: {fileID: 100100000}
  m_GameObject: {fileID: 1389267770556700}
  m_LocalRotation: {x: -0.17547117, y: 0.0006704808, z: 0.052484356, w: 0.9830843}
  m_LocalPosition: {x: 26.557112, y: -0.013423473, z: -0.050832786}
  m_LocalScale: {x: 1, y: 1, z: 1}
  m_Children:
  - {fileID: 4631385296891464}
  - {fileID: 4805153060950690}
  m_Father: {fileID: 4264133192976802}
  m_RootOrder: 0
  m_LocalEulerAnglesHint: {x: 0, y: 0, z: 0}
--- !u!4 &4537393456476904
Transform:
  m_ObjectHideFlags: 1
  m_CorrespondingSourceObject: {fileID: 0}
  m_PrefabInternal: {fileID: 100100000}
  m_GameObject: {fileID: 1181687937907784}
  m_LocalRotation: {x: 0.000000014038874, y: 0.0000000033142293, z: 0.26420075, w: 0.9644677}
  m_LocalPosition: {x: -8.378565, y: 0.0000072029407, z: -0.00000012322096}
  m_LocalScale: {x: 1, y: 1, z: 1}
  m_Children:
  - {fileID: 4614660588528608}
  m_Father: {fileID: 4163430763561888}
  m_RootOrder: 0
  m_LocalEulerAnglesHint: {x: 0, y: 0, z: 0}
--- !u!4 &4590671739821186
Transform:
  m_ObjectHideFlags: 1
  m_CorrespondingSourceObject: {fileID: 0}
  m_PrefabInternal: {fileID: 100100000}
  m_GameObject: {fileID: 1042586045680522}
  m_LocalRotation: {x: 0.0029233939, y: -0.01948373, z: 0.13346618, w: 0.99085754}
  m_LocalPosition: {x: -14.643507, y: 3.5527137e-14, z: -2.3869795e-15}
  m_LocalScale: {x: 1, y: 1, z: 1}
  m_Children:
  - {fileID: 4983204841333588}
  m_Father: {fileID: 4189888145852124}
  m_RootOrder: 0
  m_LocalEulerAnglesHint: {x: 0, y: 0, z: 0}
--- !u!4 &4601222733913702
Transform:
  m_ObjectHideFlags: 1
  m_CorrespondingSourceObject: {fileID: 0}
  m_PrefabInternal: {fileID: 100100000}
  m_GameObject: {fileID: 1545296247838528}
  m_LocalRotation: {x: -0.23784266, y: -0.021383347, z: 0.066141665, w: 0.9688132}
  m_LocalPosition: {x: -35.009884, y: 0.000014775457, z: -5.98758}
  m_LocalScale: {x: 1, y: 1, z: 1}
  m_Children:
  - {fileID: 4163430763561888}
  m_Father: {fileID: 4169440864102134}
  m_RootOrder: 0
  m_LocalEulerAnglesHint: {x: 0, y: 0, z: 0}
--- !u!4 &4613446172335062
Transform:
  m_ObjectHideFlags: 1
  m_CorrespondingSourceObject: {fileID: 0}
  m_PrefabInternal: {fileID: 100100000}
  m_GameObject: {fileID: 1237791945987750}
  m_LocalRotation: {x: -0.17296013, y: 0.015442455, z: 0.08757778, w: 0.98090595}
  m_LocalPosition: {x: 9.989819, y: -0.00007028707, z: 0.00002558239}
  m_LocalScale: {x: 1, y: 1, z: 1}
  m_Children: []
  m_Father: {fileID: 4631385296891464}
  m_RootOrder: 0
  m_LocalEulerAnglesHint: {x: 0, y: 0, z: 0}
--- !u!4 &4614660588528608
Transform:
  m_ObjectHideFlags: 1
  m_CorrespondingSourceObject: {fileID: 0}
  m_PrefabInternal: {fileID: 100100000}
  m_GameObject: {fileID: 1053279697597166}
  m_LocalRotation: {x: 0.6752855, y: -0.20973672, z: -0.6752855, w: -0.20973673}
  m_LocalPosition: {x: -5.579948, y: -0.0000019570996, z: -0.00000007204829}
  m_LocalScale: {x: 1, y: 1, z: 1}
  m_Children: []
  m_Father: {fileID: 4537393456476904}
  m_RootOrder: 0
  m_LocalEulerAnglesHint: {x: 0, y: 0, z: 0}
--- !u!4 &4631385296891464
Transform:
  m_ObjectHideFlags: 1
  m_CorrespondingSourceObject: {fileID: 0}
  m_PrefabInternal: {fileID: 100100000}
  m_GameObject: {fileID: 1259322374710362}
  m_LocalRotation: {x: 0.020698009, y: -0.032066196, z: 0.25605163, w: 0.9659094}
  m_LocalPosition: {x: 9.712344, y: 5.684342e-14, z: -1.0658141e-14}
  m_LocalScale: {x: 1, y: 1, z: 1}
  m_Children:
  - {fileID: 4613446172335062}
  m_Father: {fileID: 4491245516409668}
  m_RootOrder: 0
  m_LocalEulerAnglesHint: {x: 0, y: 0, z: 0}
--- !u!4 &4643380544631472
Transform:
  m_ObjectHideFlags: 1
  m_CorrespondingSourceObject: {fileID: 0}
  m_PrefabInternal: {fileID: 100100000}
  m_GameObject: {fileID: 1195885283821642}
  m_LocalRotation: {x: 0.6752856, y: -0.20973673, z: -0.6752855, w: -0.20973675}
  m_LocalPosition: {x: 5.579948, y: 0.0000019570996, z: -8.881784e-15}
  m_LocalScale: {x: 1, y: 1, z: 1}
  m_Children: []
  m_Father: {fileID: 4012421710999280}
  m_RootOrder: 0
  m_LocalEulerAnglesHint: {x: 0, y: 0, z: 0}
--- !u!4 &4647777408956064
Transform:
  m_ObjectHideFlags: 1
  m_CorrespondingSourceObject: {fileID: 0}
  m_PrefabInternal: {fileID: 100100000}
  m_GameObject: {fileID: 1981835392676282}
  m_LocalRotation: {x: 0.0000000012108885, y: 0.00000003412137, z: 0.99937093, w: 0.03546536}
  m_LocalPosition: {x: 6.757149, y: -0.4499292, z: -2.749086}
  m_LocalScale: {x: 1, y: 1, z: 1}
  m_Children: []
  m_Father: {fileID: 4805153060950690}
  m_RootOrder: 0
  m_LocalEulerAnglesHint: {x: 0, y: 0, z: 0}
--- !u!4 &4652240775931728
Transform:
  m_ObjectHideFlags: 1
  m_CorrespondingSourceObject: {fileID: 0}
  m_PrefabInternal: {fileID: 100100000}
  m_GameObject: {fileID: 1763455919833330}
  m_LocalRotation: {x: 0.00935418, y: -0.015462938, z: 0.34446865, w: 0.9386239}
  m_LocalPosition: {x: -9.712344, y: -2.4158453e-13, z: -3.1974423e-14}
  m_LocalScale: {x: 1, y: 1, z: 1}
  m_Children:
  - {fileID: 4310478484045306}
  m_Father: {fileID: 4852861799840804}
  m_RootOrder: 0
  m_LocalEulerAnglesHint: {x: 0, y: 0, z: 0}
--- !u!4 &4714088684119320
Transform:
  m_ObjectHideFlags: 1
  m_CorrespondingSourceObject: {fileID: 0}
  m_PrefabInternal: {fileID: 100100000}
  m_GameObject: {fileID: 1267693084241214}
  m_LocalRotation: {x: 0.0000000012275818, y: 0.00000003459177, z: 0.99937093, w: 0.03546536}
  m_LocalPosition: {x: -6.7570825, y: 0.44994557, z: 2.7490876}
  m_LocalScale: {x: 1, y: 1, z: 1}
  m_Children: []
  m_Father: {fileID: 4422306187014168}
  m_RootOrder: 0
  m_LocalEulerAnglesHint: {x: 0, y: 0, z: 0}
--- !u!4 &4731610582517726
Transform:
  m_ObjectHideFlags: 1
  m_CorrespondingSourceObject: {fileID: 0}
  m_PrefabInternal: {fileID: 100100000}
  m_GameObject: {fileID: 1142075195907576}
  m_LocalRotation: {x: 0, y: -0.7071068, z: 0, w: 0.7071068}
  m_LocalPosition: {x: 51.325787, y: 1.3601189, z: 116.539055}
  m_LocalScale: {x: 5.9797235, y: 5.9797235, z: 5.9797235}
  m_Children:
  - {fileID: 4442900847903274}
  - {fileID: 4443386208328264}
  - {fileID: 224925710065909074}
  m_Father: {fileID: 0}
  m_RootOrder: 0
  m_LocalEulerAnglesHint: {x: 0, y: -90, z: 0}
--- !u!4 &4805153060950690
Transform:
  m_ObjectHideFlags: 1
  m_CorrespondingSourceObject: {fileID: 0}
  m_PrefabInternal: {fileID: 100100000}
  m_GameObject: {fileID: 1039734473730840}
  m_LocalRotation: {x: -0.13158117, y: -0.061050422, z: 0.18656217, w: 0.97167575}
  m_LocalPosition: {x: 3.3396854, y: 6.1668506, z: -3.6457188}
  m_LocalScale: {x: 1, y: 1, z: 1}
  m_Children:
  - {fileID: 4647777408956064}
  m_Father: {fileID: 4491245516409668}
  m_RootOrder: 1
  m_LocalEulerAnglesHint: {x: 0, y: 0, z: 0}
--- !u!4 &4845786017176198
Transform:
  m_ObjectHideFlags: 1
  m_CorrespondingSourceObject: {fileID: 0}
  m_PrefabInternal: {fileID: 100100000}
  m_GameObject: {fileID: 1545599814280940}
  m_LocalRotation: {x: -0.0039632, y: -0.20897496, z: 0.97786695, w: -0.009489211}
  m_LocalPosition: {x: -2.964838, y: 0.109054096, z: 5.6592007}
  m_LocalScale: {x: 1, y: 1, z: 1}
  m_Children:
  - {fileID: 4292644697909582}
  m_Father: {fileID: 4443386208328264}
  m_RootOrder: 2
  m_LocalEulerAnglesHint: {x: 0, y: 0, z: 0}
--- !u!4 &4852861799840804
Transform:
  m_ObjectHideFlags: 1
  m_CorrespondingSourceObject: {fileID: 0}
  m_PrefabInternal: {fileID: 100100000}
  m_GameObject: {fileID: 1390513138455916}
  m_LocalRotation: {x: 0.14105423, y: 0.008506163, z: 0.07766952, w: 0.9869138}
  m_LocalPosition: {x: -26.783052, y: -0.40172994, z: -1.1209403}
  m_LocalScale: {x: 1, y: 1, z: 1}
  m_Children:
  - {fileID: 4652240775931728}
  - {fileID: 4422306187014168}
  m_Father: {fileID: 4486111245549696}
  m_RootOrder: 0
  m_LocalEulerAnglesHint: {x: 0, y: 0, z: 0}
--- !u!4 &4983204841333588
Transform:
  m_ObjectHideFlags: 1
  m_CorrespondingSourceObject: {fileID: 0}
  m_PrefabInternal: {fileID: 100100000}
  m_GameObject: {fileID: 1101411942200592}
  m_LocalRotation: {x: -0.010993689, y: -0.28692523, z: 0.95437604, w: 0.0819721}
  m_LocalPosition: {x: -24.159658, y: -2.842171e-14, z: 1.6098234e-15}
  m_LocalScale: {x: 1, y: 1, z: 1}
  m_Children: []
  m_Father: {fileID: 4590671739821186}
  m_RootOrder: 0
  m_LocalEulerAnglesHint: {x: 0, y: 0, z: 0}
--- !u!95 &95115197073838490
Animator:
  serializedVersion: 3
  m_ObjectHideFlags: 1
  m_CorrespondingSourceObject: {fileID: 0}
  m_PrefabInternal: {fileID: 100100000}
  m_GameObject: {fileID: 1142075195907576}
  m_Enabled: 1
  m_Avatar: {fileID: 9000000, guid: 647a098ac19a9504ea02872319c753d7, type: 3}
  m_Controller: {fileID: 9100000, guid: e2cf68ff4b1ffda45a77f7307dd789b9, type: 2}
  m_CullingMode: 1
  m_UpdateMode: 0
  m_ApplyRootMotion: 0
  m_LinearVelocityBlending: 0
  m_WarningMessage: 
  m_HasTransformHierarchy: 1
  m_AllowConstantClipSamplingOptimization: 1
  m_KeepAnimatorControllerStateOnDisable: 0
--- !u!114 &114017836201355846
MonoBehaviour:
  m_ObjectHideFlags: 1
  m_CorrespondingSourceObject: {fileID: 0}
  m_PrefabInternal: {fileID: 100100000}
  m_GameObject: {fileID: 1405490617562438}
  m_Enabled: 1
  m_EditorHideFlags: 0
  m_Script: {fileID: 1980459831, guid: f70555f144d8491a825f0804e09c671c, type: 3}
  m_Name: 
  m_EditorClassIdentifier: 
  m_UiScaleMode: 0
  m_ReferencePixelsPerUnit: 100
  m_ScaleFactor: 1
  m_ReferenceResolution: {x: 800, y: 600}
  m_ScreenMatchMode: 0
  m_MatchWidthOrHeight: 0
  m_PhysicalUnit: 3
  m_FallbackScreenDPI: 96
  m_DefaultSpriteDPI: 96
  m_DynamicPixelsPerUnit: 1
--- !u!114 &114176738476816718
MonoBehaviour:
  m_ObjectHideFlags: 1
  m_CorrespondingSourceObject: {fileID: 0}
  m_PrefabInternal: {fileID: 100100000}
  m_GameObject: {fileID: 1205534391927794}
  m_Enabled: 1
  m_EditorHideFlags: 0
  m_Script: {fileID: 708705254, guid: f70555f144d8491a825f0804e09c671c, type: 3}
  m_Name: 
  m_EditorClassIdentifier: 
  m_Material: {fileID: 0}
  m_Color: {r: 1, g: 0.7930672, b: 0, a: 1}
  m_RaycastTarget: 1
  m_OnCullStateChanged:
    m_PersistentCalls:
      m_Calls: []
    m_TypeName: UnityEngine.UI.MaskableGraphic+CullStateChangedEvent, UnityEngine.UI,
      Version=1.0.0.0, Culture=neutral, PublicKeyToken=null
  m_FontData:
    m_Font: {fileID: 10102, guid: 0000000000000000e000000000000000, type: 0}
    m_FontSize: 24
    m_FontStyle: 1
    m_BestFit: 0
    m_MinSize: 10
    m_MaxSize: 40
    m_Alignment: 4
    m_AlignByGeometry: 0
    m_RichText: 1
    m_HorizontalOverflow: 0
    m_VerticalOverflow: 0
    m_LineSpacing: 1
  m_Text: 0
--- !u!114 &114406635845188118
MonoBehaviour:
  m_ObjectHideFlags: 1
  m_CorrespondingSourceObject: {fileID: 0}
  m_PrefabInternal: {fileID: 100100000}
  m_GameObject: {fileID: 1405490617562438}
  m_Enabled: 1
  m_EditorHideFlags: 0
  m_Script: {fileID: 1301386320, guid: f70555f144d8491a825f0804e09c671c, type: 3}
  m_Name: 
  m_EditorClassIdentifier: 
  m_IgnoreReversedGraphics: 1
  m_BlockingObjects: 0
  m_BlockingMask:
    serializedVersion: 2
    m_Bits: 4294967295
--- !u!114 &114907007154564550
MonoBehaviour:
  m_ObjectHideFlags: 1
  m_CorrespondingSourceObject: {fileID: 0}
  m_PrefabInternal: {fileID: 100100000}
  m_GameObject: {fileID: 1142075195907576}
  m_Enabled: 1
  m_EditorHideFlags: 0
  m_Script: {fileID: 11500000, guid: b569c98aa2554d94594c9a351b563ed9, type: 3}
  m_Name: 
  m_EditorClassIdentifier: 
  ui: {fileID: 223400362853849332}
  txtAlien: {fileID: 114176738476816718}
  targets: []
  speed: 0
  targetNum: 0
  cocoon_collected: 0
--- !u!136 &136640920693637692
CapsuleCollider:
  m_ObjectHideFlags: 1
  m_CorrespondingSourceObject: {fileID: 0}
  m_PrefabInternal: {fileID: 100100000}
  m_GameObject: {fileID: 1142075195907576}
  m_Material: {fileID: 0}
  m_IsTrigger: 0
  m_Enabled: 1
  m_Radius: 0.34381878
  m_Height: 1.8335321
  m_Direction: 1
  m_Center: {x: 0, y: 0.8, z: 0}
--- !u!137 &137538885227930490
SkinnedMeshRenderer:
  m_ObjectHideFlags: 1
  m_CorrespondingSourceObject: {fileID: 0}
  m_PrefabInternal: {fileID: 100100000}
  m_GameObject: {fileID: 1380010983323876}
  m_Enabled: 1
  m_CastShadows: 1
  m_ReceiveShadows: 1
  m_DynamicOccludee: 1
  m_MotionVectors: 1
  m_LightProbeUsage: 1
  m_ReflectionProbeUsage: 1
  m_RenderingLayerMask: 4294967295
  m_Materials:
  - {fileID: 2100000, guid: 0e1734f0d9cc100438800d87d44c705f, type: 2}
  m_StaticBatchInfo:
    firstSubMesh: 0
    subMeshCount: 0
  m_StaticBatchRoot: {fileID: 0}
  m_ProbeAnchor: {fileID: 0}
  m_LightProbeVolumeOverride: {fileID: 0}
  m_ScaleInLightmap: 1
  m_PreserveUVs: 0
  m_IgnoreNormalsForChartDetection: 0
  m_ImportantGI: 0
  m_StitchLightmapSeams: 0
  m_SelectedEditorRenderState: 3
  m_MinimumChartSize: 4
  m_AutoUVMaxDistance: 0.5
  m_AutoUVMaxAngle: 89
  m_LightmapParameters: {fileID: 0}
  m_SortingLayerID: 0
  m_SortingLayer: 0
  m_SortingOrder: 0
  serializedVersion: 2
  m_Quality: 0
  m_UpdateWhenOffscreen: 0
  m_SkinnedMotionVectors: 1
  m_Mesh: {fileID: 4300000, guid: 647a098ac19a9504ea02872319c753d7, type: 3}
  m_Bones:
  - {fileID: 4443386208328264}
  - {fileID: 4396927371088150}
  - {fileID: 4189888145852124}
  - {fileID: 4590671739821186}
  - {fileID: 4983204841333588}
  - {fileID: 4418157399545940}
  - {fileID: 4486111245549696}
  - {fileID: 4852861799840804}
  - {fileID: 4652240775931728}
  - {fileID: 4310478484045306}
  - {fileID: 4422306187014168}
  - {fileID: 4714088684119320}
  - {fileID: 4205894482123812}
  - {fileID: 4264133192976802}
  - {fileID: 4491245516409668}
  - {fileID: 4631385296891464}
  - {fileID: 4613446172335062}
  - {fileID: 4805153060950690}
  - {fileID: 4647777408956064}
  - {fileID: 4169440864102134}
  - {fileID: 4601222733913702}
  - {fileID: 4163430763561888}
  - {fileID: 4537393456476904}
  - {fileID: 4614660588528608}
  - {fileID: 4845786017176198}
  - {fileID: 4292644697909582}
  - {fileID: 4300205244419094}
  - {fileID: 4012421710999280}
  - {fileID: 4643380544631472}
  m_BlendShapeWeights: []
  m_RootBone: {fileID: 4443386208328264}
  m_AABB:
    m_Center: {x: 7.587246, y: 1.9655094, z: 0.24673843}
    m_Extent: {x: 91.82176, y: 35.139313, z: 83.95357}
  m_DirtyAABB: 0
--- !u!143 &143872375223884566
CharacterController:
  m_ObjectHideFlags: 1
  m_CorrespondingSourceObject: {fileID: 0}
  m_PrefabInternal: {fileID: 100100000}
  m_GameObject: {fileID: 1142075195907576}
  m_Material: {fileID: 0}
  m_IsTrigger: 0
  m_Enabled: 1
  serializedVersion: 2
  m_Height: 1.666454
  m_Radius: 0.2337041
  m_SlopeLimit: 45
  m_StepOffset: 0.3
  m_SkinWidth: 0.08
  m_MinMoveDistance: 0.001
  m_Center: {x: 0, y: 0.8866556, z: 0}
--- !u!222 &222315685678631394
CanvasRenderer:
  m_ObjectHideFlags: 1
  m_CorrespondingSourceObject: {fileID: 0}
  m_PrefabInternal: {fileID: 100100000}
  m_GameObject: {fileID: 1205534391927794}
  m_CullTransparentMesh: 0
--- !u!223 &223400362853849332
Canvas:
  m_ObjectHideFlags: 1
  m_CorrespondingSourceObject: {fileID: 0}
  m_PrefabInternal: {fileID: 100100000}
  m_GameObject: {fileID: 1405490617562438}
  m_Enabled: 1
  serializedVersion: 3
  m_RenderMode: 2
  m_Camera: {fileID: 0}
  m_PlaneDistance: 100
  m_PixelPerfect: 0
  m_ReceivesEvents: 1
  m_OverrideSorting: 0
  m_OverridePixelPerfect: 0
  m_SortingBucketNormalizedSize: 0
  m_AdditionalShaderChannelsFlag: 0
  m_SortingLayerID: 0
  m_SortingOrder: 0
  m_TargetDisplay: 0
--- !u!224 &224904835712387362
RectTransform:
  m_ObjectHideFlags: 1
  m_CorrespondingSourceObject: {fileID: 0}
  m_PrefabInternal: {fileID: 100100000}
  m_GameObject: {fileID: 1205534391927794}
  m_LocalRotation: {x: -0.00052729243, y: 0.004960347, z: 0.017412338, w: 0.99983597}
  m_LocalPosition: {x: 0, y: 0, z: 0}
  m_LocalScale: {x: 0.20000006, y: 0.20000006, z: 0.2}
  m_Children: []
  m_Father: {fileID: 224925710065909074}
  m_RootOrder: 0
  m_LocalEulerAnglesHint: {x: -0.07, y: 0.56700003, z: 1.9950001}
  m_AnchorMin: {x: 0, y: 0}
  m_AnchorMax: {x: 1, y: 1}
  m_AnchoredPosition: {x: 0.035999775, y: -0.039000034}
  m_SizeDelta: {x: 42.224, y: 38.247}
  m_Pivot: {x: 0.49999997, y: 0.5}
--- !u!224 &224925710065909074
RectTransform:
  m_ObjectHideFlags: 1
  m_CorrespondingSourceObject: {fileID: 0}
  m_PrefabInternal: {fileID: 100100000}
  m_GameObject: {fileID: 1405490617562438}
  m_LocalRotation: {x: 0.7071068, y: 0, z: 0, w: 0.7071068}
  m_LocalPosition: {x: 0, y: 0, z: 0}
  m_LocalScale: {x: 0.2, y: 0.2, z: 0.2}
  m_Children:
  - {fileID: 224904835712387362}
  m_Father: {fileID: 4731610582517726}
  m_RootOrder: 2
  m_LocalEulerAnglesHint: {x: 90, y: 0, z: 0}
  m_AnchorMin: {x: 0.5, y: 0.5}
  m_AnchorMax: {x: 0.5, y: 0.5}
  m_AnchoredPosition: {x: 0, y: 2}
  m_SizeDelta: {x: 11, y: 10}
  m_Pivot: {x: 0.5, y: 0.5}
